@online{kramer2,
    title = {The DC Motor},
    titleaddon = {The DC Motor},
    author = {Martin Kramer},
    date = {2012-12-13},
    url = {http://large.stanford.edu/courses/2012/ph240/kramer2/}
}
@online{britelectric,
	title = {electric field},
	organization = {{Encyclopedia Britannica}},
	author = {Britannica, T. Editors of Encyclopaedia},
	date = {2019-01-07},
	url = {https://www.britannica.com/science/electric-field}
}
@online{britfields,
	title = {magnetic field strength},
	organization = {{Encyclopedia Britannica}},
	author = {Britannica, T. Editors of Encyclopaedia},
	date = {2020-06-30},
	url = {https://www.britannica.com/science/magnetic-field-strength}
}
@online{msufields,
	title = {Magnetic field of a wire},
	titleaddon = {Physics 232: Elementary Physics II},
	author = {Scott Pratt and Jon Pumplin},
	urldate = {2022-04-10},
	url = {https://web.pa.msu.edu/courses/1997spring/PHY232/lectures/ampereslaw/wire.html#:~:text=Magnetic%20field%20of%20a%20wire&text=Magnetic%20fields%20arise%20from%20charges,that%20generates%20a%20magnetic%20field.}
}
@online{navelorentz,
    title = {Magnetic Forces},
    titleaddon = {Hyperphysics},
    author = {Carl R. Nave},
    url = {http://hyperphysics.phy-astr.gsu.edu/hbase/magnetic/magfor.html#c2},
    urldate = {2022-04-10}
}
@online{navelaplace,
	title = {Magnetic Force on a Current-Carrying Wire},
	titleaddon = {Hyperphysics},
	author = {Carl R. Nave},
	url = {http://hyperphysics.phy-astr.gsu.edu/hbase/magnetic/forwir2.html},
	urldate = {2022-04-10}
}
@online{wwdistance,
	title = {How Does Magnetic Field Vary With Distance?},
	titleaddon = {Instructables},
	author = {Bill WW},
	url = {https://www.instructables.com/How-does-magnetic-field-vary-with-distance/},
	urldate = {2022-04-10}
}
@online{nmllorentz,
	title = {The Lorentz Force},
	titleaddon = {Youtube video},
	author = {{National MagLab}},
	date = {2017-04-24},
	url = {https://www.youtube.com/watch?v=nRDVm5rn_2A}
}